<record><leader>00000cas a22000007a 4500</leader><controlfield tag="001">12170793</controlfield><controlfield tag="008">850618d18801882nhudn ne      0    0eng d</controlfield><datafield ind1=" " ind2=" " tag="010"><subfield code="a">sn 85038303 </subfield></datafield><datafield ind1=" " ind2=" " tag="040"><subfield code="a">NPY</subfield><subfield code="b">eng</subfield><subfield code="c">NPY</subfield><subfield code="d">NVH</subfield><subfield code="d">OCLCQ</subfield></datafield><datafield ind1=" " ind2=" " tag="042"><subfield code="a">msc</subfield></datafield><datafield ind1="0" ind2=" " tag="130"><subfield code="a">Daily union (Manchester, N.H. : 1880)</subfield></datafield><datafield ind1="1" ind2="4" tag="245"><subfield code="a">The Daily union.</subfield></datafield><datafield ind1=" " ind2=" " tag="260"><subfield code="a">Manchester, N.H. :</subfield><subfield code="b">Hutchins, Riedell &amp; Co.</subfield></datafield><datafield ind1=" " ind2=" " tag="300"><subfield code="a">v.</subfield></datafield><datafield ind1=" " ind2=" " tag="310"><subfield code="a">Daily (except Sun.)</subfield></datafield><datafield ind1="0" ind2=" " tag="362"><subfield code="a">Vol. 18, no. 63 (June 14, 1880)-v. 20, no. 198 (Nov. 25, 1882).</subfield></datafield><datafield ind1=" " ind2=" " tag="580"><subfield code="a">Weekly ed.: Weekly union (Manchester, N.H. : 1880).</subfield></datafield><datafield ind1=" " ind2=" " tag="752"><subfield code="a">United States</subfield><subfield code="b">New Hampshire</subfield><subfield code="d">Hillsborough</subfield><subfield code="c">Manchester.</subfield></datafield><datafield ind1="1" ind2=" " tag="775"><subfield code="t">Weekly union (Manchester, N.H. : 1880)</subfield><subfield code="w">(DLC)sn 90062623</subfield></datafield><datafield ind1="0" ind2="0" tag="780"><subfield code="t">Manchester daily union</subfield><subfield code="w">(DLC)sn 84023845</subfield></datafield><datafield ind1="0" ind2="0" tag="785"><subfield code="t">Manchester union (Manchester, N.H.)</subfield><subfield code="w">(DLC)sn 84020573</subfield></datafield></record>